@article{pflueger2015robust,
  title={A robust test for weak instruments in Stata},
  author={Pflueger, Carolin E and Wang, Su},
  journal={The Stata Journal},
  volume={15},
  number={1},
  pages={216--225},
  year={2015},
  publisher={SAGE Publications Sage CA: Los Angeles, CA}
}